@ARTICLE( Jackson1980,
   AUTHOR = "K. R. Jackson and R. Sacks-Davis",
   TITLE  = "An Alternative Implementation of Variable Step-Size Multistep Formulas for Stiff {ODE}s",
   JOURNAL= "ACM Transactions on Mathematical Software",
   VOLUME = "6",
   NUMBER = "3",
   YEAR   = "1980",
   PAGES  = "295--318")

@ARTICLE( Brown1998,
   AUTHOR = "P. N. Brown and A. C. Hindmarsh and L. R. Petzold",
   TITLE  = "Consistent Initial Condition Calculation for Differential-Algebraic Systems",
   JOURNAL= "SIAM J. Sci. Comput.",
   VOLUME = "19",
   YEAR   = "1998",
   PAGES  = "1495--1512")

@unpublished{ BDF-FLC,
	Title = {SUNDIALS website},
	Note = {\texttt{http://sundials.wikidot.com/bdf-flc-derivation}},
	Month = {April},
	Year = {2007}
}

@book{Gresho2000Vol1,
   author    = {P. M. Gresho and R. L. Sani},
   title     = {Incompressible Flow and Finite Element Method},
   volume    = {One Advection-Diffusion},
   year      = {2000},
   publisher = {John Wiley and Sons},
   address   = {New York}
}

@book{Gresho2000Vol2,
   author    = {P. M. Gresho and R. L. Sani},
   title     = {Incompressible Flow and Finite Element Method},
   volume    = {Two Isothermal Laminar Flow},
   year      = {2000},
   publisher = {John Wiley and Sons},
   address   = {New York}
}

@techreport{Hindmarsh2000,
   author    = {A. C. Hindmarsh},
   title     = {The {PVODE} and {IDA} Algorithms},
   institution = {Lawrence Livermore National Laboratory},
   year      = {2000},
   month     = {December},
   address   = {Livermore, CA},
   number    = {UCRL-ID-141558}
}

@ARTICLE( GottliebShu1998,
   AUTHOR = "Sigal Gottlieb and Chi-Wang Shu",
   TITLE  = "Total Variation Diminishing {R}unge-{K}utta Schemes",
   JOURNAL= "Mathematics of Computation",
   VOLUME = "67",
   MONTH  = "January",
   YEAR   = "1998",
   PAGES  = "73--85")

@phdthesis{Kama2009,
   author    = {Phumezile Kama},
   title     = {Non-standard finite-difference methods in dynamical systems},
   year      = {2009},
   school    = {University of Pretoria},
}

