@article{Xyce_time,
    Author = { H. A. Watts and E. R. Keiter and S. A. Hutchinson and R. J Hoekstra },
    Title = { Time integration algorithms for the $\mbox{{X}yce}^{\mbox{{TM}}}$ parallel electronic simulator },
    Journal = {ICSAS01 },
    Year = {2000 },
    Month = {October},
    Volume = { },
    Number = { },
    Pages = { }
}

@misc{Xyce,
  Author = {Eric Keiter and Scott Hutchinson and Rob Hoekstra et al.},
  Title = {{X}yce},
  howpublished = {\texttt{http://www.cs.sandia.gov/xyce/}},
  Month = {},
  Year = {},
  Note = {}
}

@misc{Spice,
  Author = {T Quarles and D. Pederson and R. Newton and A. Sangiovanni-Vincentelli and Christopher Wayne},
  Title = {{SPICE}},
  howpublished = {\texttt{http://bwrc.eecs.berkeley.edu/Classes/IcBook/SPICE/}},
  Month = {},
  Year = {},
  Note = {}
}

@book{Gear,
	Author = {C. W. Gear},
	Title = {Numerical initial value problems in ordinary differential equations},
	Series = {},
	Volume = {},
	Edition = {first},
	Publisher = {Prentice-Hall},
	Address = {Englewood Cliffs, New Jersey},
	Year = {1971},
	ISBN = {}
}

@book{Shampine,
	Author = {L. F. Shampine},
	Title = {Numerical solution of ordinary differential equations},
	Edition = {},
	Publisher = {Chapman \& Hall},
	Address = {New York},
	Year = {1994}
}

@book{AscherPetzold,
	Author = {U. M. Ascher and L. R. Petzold},
	Title = {Computer methods for ordinary differential equations and differential-algebraic equations},
	Edition = {},
	Publisher = {SIAM},
	Address = {Philadelphia},
	Year = {1998}
}

@book{BCP,
	Author = {K. E. Brennan and S. L. Campbell and L. R. Petzold},
	Title = {Numerical solution of initial-value problems in differential-algebraic equations},
	Volume = {14},
	Series = {Classics in Applied Mathematics},
	Edition = {first},
	Publisher = {SIAM},
	Address = {Philadelphia, PA},
	Year = {1996}
}

@unpublished{PETSc,
	Author = {Satish Balay and Kris Buschelman and William D. Gropp and Dinesh Kaushik and Lois Curfman McInnes and Barry F. Smith},
	Title = {{PETS}c home page},
	Note = {\texttt{http://www.mcs.anl.gov/petsc}},
	Year = {2002}
}

@article{CVODE,
	Author = {George D. Byrne and Alan C. Hindmarsh},
	Title = {{PVODE}, an {ODE} solver for parallel computers},
	Journal = {International Journal of High Performance Computing Applications},
	Month = {},
	Year = {1999},
	Number = {},
	Pages = {354-365}
}

@techreport{IDA,
	Author = {Alan C. Hindmarsh and Allan G. Taylor},
	Title = {User Documentation for {IDA}},
	Institution = { Lawrence Livermore National Laboratories},
	Type = { Technical Report },
	Number = { UCRL-MA-136910 },
	Year = {1993},
  Month = {Dec}
}

@book{HairerWanner,
	Author = {E. Hairer and G. Wanner},
	Title = {Solving Ordinary Differential Equations II:  Stiff and Differential-Algebraic Problems},
	Volume = {14},
	Series = {Springer Series in Computational Mathematics},
	Edition = {second},
	Publisher = {Springer-Verlag},
	Address = {Berlin, Germany},
	Year = {1996}
}

@book{HairerNorsettWanner,
	Author = {E. Hairer and S. P. Norsett and G. Wanner},
	Title = {Solving Ordinary Differential Equations I:  Nonstiff Problems},
	Volume = {8},
	Series = {Springer Series in Computational Mathematics},
	Edition = {second},
	Publisher = {Springer-Verlag},
	Address = {Berlin, Germany},
	Year = {2000}
}

@article{PTC,
	Author = {C. T. Kelley and D. E. Keyes},
	Title = {Convergence analysis of pseudo-transient continuation},
	Journal = {SIAM Journal on Numerical Analysis},
	Month = {April},
	Year = {1998},
	Volume = {35},
	Number = {2},
	Pages = {508-523},
	Webpage = {http://www.siam.org/journals/sinum/35-2/30479.html},
	AMS = {65H10, 65J15, 65N12, 65N22},
	PII = {S0036142996304796}
}

@article{PTCDAE,
        Author = {T. S. Coffey and C. T. Kelley and D. E. Keyes},
        Title = {Pseudo-transient continuation and differential-algebraic equations},
        Journal = {Special Issue of SIAM Journal on Scientific Computing},
        Year = {2003},
        Volume = {25},
        Number = {},
        Pages = {553--569},
        misc0 = {http://epubs.siam.org/sam-bin/dbq/article/41044},
        misc1 = {2002 Copper Mountain conference on iterative methods}
}

@article{347846,
 author = {Andreas Griewank and Andrea Walther},
 title = {Algorithm 799: revolve: an implementation of checkpointing for the reverse or adjoint mode of computational differentiation},
 journal = {ACM Trans. Math. Softw.},
 volume = {26},
 number = {1},
 year = {2000},
 issn = {0098-3500},
 pages = {19--45},
 doi = {http://doi.acm.org/10.1145/347837.347846},
 publisher = {ACM Press},
 }

@article{sundials,
 author = {Alan C. Hindmarsh and Peter N. Brown and Keith E. Grant
          and Steven L. Lee and Radu Serban and Dan E. Shumaker and Carol S. Woodward},
 title = {SUNDIALS: Suite of Nonlinear and Differential/Algebraic Equation Solvers},
 journal = {ACM Trans. on Math. Software},
 volume = {31},
 number = {3},
 pages = {363--396},
 month = {September},
 year = {2005},
 publisher = {ACM Press},
}

@techreport{new-daspk,
 author = {Shengtai Li and Linda Petzold},
 title = {Design of New DASPK for Sensitivity Analysis},
 institution = {UCSB},
 year = {1999},
}

@techreport{cvodes,
 author = {Radu Serban and Alan C. Hindmarsh},
 title = {CVODES: An ODE Solver with Sensitivity Analysis Capabilities},
 institution = {Lawrence Livermore National Laboratory},
 number = {UCRL-JP-200039},
 year = {2003},
}

@techreport{cvodes-users-guide,
 author = {Radu Serban and Alan C. Hindmarsh},
 title = {User Documentation for CVODES: An ODE Solver with Sensitivity Analysis Capabilities},
 institution = {Lawrence Livermore National Laboratory},
 number = {UCRL-MA-148813},
 year = {2002},
}

@article{adjoint-sens-2003,
	Author = {Yang Cao and Shengtai Li and Linda Petzold and Radu Serban},
	Title = {Adjoint Sensitivity Analysis for Differntial-Algebraic
    Equations: The Adjoint {DAE} System and its Numerical Solution},
	Journal = {SIAM Journal on Scientific Computing},
	Year = {2003},
	Volume = {24},
	Number = {3},
	Pages = {1076-1089}
}

@book{BeckerCareyOden-FE,
	Author = {Eric B. Becker and Graham F. Carey and J. Tinsley Oden},
	Title = {Finite Elements: An Introduction},
	Volume = {1},
	Series = {},
	Edition = {second},
	Publisher = {Prentice Hall},
	Address = {London},
	Year = {1981}
}

@article{ChungHulbert,
	Author = {J. Chung and G. M. Hulbert},
	Title = {A Time Integration Algorithm for Structural Dynamics With Improved Numerical Dissipation:  The Generalized-$\alpha$ Method},
	Journal = {Journal of Applied Mechanics},
	Year = {1993},
	Volume = {60},
	Number = {},
	Pages = {371-375}
}

@article{JansenWhitingHulbert,
	Author = {Kenneth E. Jansen and Christian H. Whiting and Gregory M. Hulbert},
	Title = {A generalized-$\alpha$ method for integrating the filtered {N}avier-{S}tokes equations with a stabilized finite element method},
	Journal = {Comput. Methods Appl. Mech. Engrg.},
	Year = {2000},
	Volume = {190},
	Number = {},
	Pages = {305-319}
}

@article{BonelliBursiErlicherVulcan,
	Author = {A. Bonelli and O. S. Bursi and S. Erlicher and L. Vulcan},
	Title = {Analyses of the Generalized-$\alpha$ method for linear and non-linear forced excited systems},
	Journal = {EURODYN 2002},
	Year = {2002},
	Volume = {2},
	Number = {},
	Pages = {1523-1528}
}

@article{GottliebShuTadmor,
	Author = {Sigal Gottlieb and Chi-Wang Shu and Eitan Tadmor},
	Title = {Strong Stability-Preserving High-Order Time Discretization Methods},
	Journal = {SIAM Review},
	Year = {2001},
	Volume = {43},
	Number = {1},
	Pages = {89-112}
}

@article{GottliebGottlieb,
	Author = {Sigal Gottlieb and Lee-Ad J. Gottlieb},
	Title = {Time Discretization Methods for Linear Constant Coefficient Operators},
	Journal = {Journal of Scientific Computing},
	Year = {2003},
	Volume = {18},
	Number = {1},
	Pages = {83-109}
}



