@book{Templates-Complete-Guide,
     title = "{C++} Templates The Complete Guide",
     author = "David Vandevoorde and Nicolai M. Josuttis",
     publisher = "Addison-Wesley",
     year = 2003}

@book{Effective-STL,
     title = "Effective {STL}",
     author = "Scott Meyers",
     publisher = "Addison-Wesley",
     year = 2001}

@book{MPI,
     title = "{MPI}-The Complete Reference, Volume 1, The {MPI} core",
     author = "M. Snir and S. Otto and S. Huss-Lederman and D. Walker and J. Dongarra",
     publisher = "The {MIT} Press",
     year = 1998}

@book{Josuttis99,
     title = "The {C++ Standard Library}: a tutorial and reference",
     author = "Nicolai M. Josuttis",
     publisher = "Addison-Wesley",
     year = 1999}

@techreport{Petra-Object-Model,
     title = "{The Petra Object Model for Parallel Linear Algebra Computations}",
     author = "Michael A. Heroux and Robert J. Hoekstra and Alan Williams",
     institution = "Sandia National Laboratories",
     number = "SAND2005-xxxx",
     year = 2005}

@techreport{RCP,
     title = "{Teuchos::RCP Beginner's Guide}",
     author = "Roscoe A. Bartlett",
     institution = "Sandia National Laboratories",
     number = "SAND2004-3268",
     year = 2004}

@unpublished{Teuchos,
     title = "Teuchos Home Page",
     author = {Heidi Thornquist},
     note = "http://software.sandia.gov/Trilinos/packages/teuchos",
     year = 2005}

@unpublished{Kokkos,
     title = "Kokkos Home Page",
     author = {Michael A. Heroux},
     note = "http://software.sandia.gov/Trilinos/packages/kokkos",
     year = 2005}

@unpublished{Epetra,
     title = "Epetra Home Page",
     author = {Michael A. Heroux},
     note = "http://software.sandia.gov/Trilinos/packages/epetra",
     year = 2005}
