@manual{Epetra-Ref-Guide,
     title = "Epetra Reference Manual",
     author = "M.~A.~Heroux",
     institution = "Sandia National Laboratories",
     edition  = "2.0",
     note = "http://software.sandia.gov/trilinos/packages/epetra/doxygen/latex/EpetraReferenceManual.pdf",
     year = 2002}

@TechReport{pytrilinos-la-guide,
  author =       "M. Sala",
  title =        "Distributed Sparse Linear Algebra with {P}y{T}rilinos",
  institution =  "Sandia National Laboratories",
  year =         2005,
  number =       "SAND2005-3835",
  address =      "Albuquerque NM, 87185",
  month =        "June"
}

@article{sala05pytrilinos,
  author =       {M. Sala and W. F. Spotz and M. A. Heroux},
  title =        {{P}y{T}rilinos: High-Performance Distributed-Memory Solvers for
    {P}ython},
  year =         {2005},
  note =         {Submitted}
}

@article{duff89sparse,
  author = {I. S. Duff and Roger G. Grimes and John G. Lewis},
  title = {Sparse matrix test problems},
  journal = {ACM Trans. Math. Softw.}, 
  volume = {15},
  number = {1},
  year = {1989},
  issn = {0098-3500},
  pages = {1--14},
  doi = {http://doi.acm.org/10.1145/62038.62043},
  publisher = {ACM Press},
  address = {New York, NY, USA}
}

@inproceedings{ boisvert97matrix,
  author = "Ronald F. Boisvert and Roldan Pozo and Karin Remington and Richard Barrett and Jack J. Dongarra",
  title = "The {Matrix Market}: {A} Web Resource for Test Matrix Collections",
  booktitle = "Quality of Numerical Software, Assessment and Enhancement",
  publisher = "Chapman \& Hall",
  address = "London",
  editor = "Ronald F. Boisvert",
  pages = "125--137",
  year = "1997",
  url = "citeseer.ist.psu.edu/boisvert97matrix.html" }
