@techreport{TeuchosMemMgt,
  author = "Roscoe Bartlett",
  title = "Teuchos {C++} Memory Management Classes, Idioms, and Related Topics:
           The Complete Reference",
  institution = "Sandia National Laboratories",
  year = 2010,
  month = "September",
  number = "SAND 2010-2234",
  address = "Albuquerque, New Mexico 87185 and Livermore, California 94550"
}

