@techrepoprt{Epetra-Dev-Guide,
     title = "Epetra Developers Coding Guidelines",
     author = "M.~A.~Heroux, P.~.M.~Sexton",
     institution = snl,
     number="SAND2003-4169",
     year = 2003}

@techreport{Trilinos-Dev-Guide,
     title = "{Trilinos Developers Guide}",
     author = "Michael A. Heroux and James M. Willenbring and Robert Heaphy",
     institution = "Sandia National Laboratories",
     number = "SAND2003-1898",
     year = 2003}

@TechReport{henson,
                AUTHOR = "V. Henson and U. Yang",
                TITLE = "{C}oarse {G}rid {S}election of {A}lgebraic {M}ultigrid", 
		institution =  "Lawrence Livermore National Laboratory",
  		year =         1999,
		number =       "UCRL-MI-13089",
		address =      "Livermore, CA"}
@InProceedings{jenkins,
                AUTHOR = "E. Jenkins and R Berger and J Hallberg and S. Howington and 
                          C. T. Kelley and J. Schmidt and A. Stagg and M. Tocci",
                TITLE = "{A} {T}wo-{L}evel {A}ggregation-{B}ased {N}ewton-{K}rylov-{S}chwarz
                         {M}ethod for {H}ydrology",
                booktitle = "Parallel Computational Fluid Dynamics 1999",
                EDITOR = "D. Keyes and A. Ecer and J. Periaux and N. Satofuka",
                PUBLISHER = "North Holland", 
                PAGES = "257--264",
                YEAR = "2000"}
@Article{Adams-00a, 
  author =   {Adams, M.~F.}, 
  title =   {Parallel Multigrid Solvers for 3D Unstructured Finite Element Problems in Large Deformation Elasticity and Plasticity}, 
  journal =   {International Journal for Numerical Methods in Engineering}, 
  year =   {2000}, 
  volume =   {48}, 
  number =   {0000-0000}, 
  note =   {To appear} 
} 
@InProceedings{supercomputing, 
  author =   {Tuminaro, R. and Tong, C.}, 
  title =   {Parallel Smoothed Aggregation Multigrid: Aggregation Strategies 
             on Massively Parallel Machines},
  booktitle =   {SuperComputing 2000 Proceedings}, 
  editor = {J. Donnelley},
  year =   {2000}
}
@TechReport{ml_users_guide,
                AUTHOR = {M. Sala and J.J. Hu and R.S. Tuminaro},
                TITLE = "{ML}3.0 {S}moothed {A}ggregation {U}ser's {G}uide",
		institution =  "Sandia National Laboratories",
                number = "SAND2004-2195",
                address = "Albq, NM",
                YEAR = "2004"}
@InProceedings{Adams-98a, 
  author =   {Adams, Mark ~F.}, 
  title =   {A Parallel Maximal Independent Set Algorithm}, 
  booktitle =   {Proceedings 5th copper mountain conference on iterative methods}, 
  year =   {1998}, 
  note =   {Best student paper award winner} 
}
@TechReport{vanek4,
                AUTHOR = "P. Vanek and M. Brezina and J. Mandel",
                TITLE = "{C}onvergence of {A}lgebraic {M}ultigrid {B}ased on {S}moothed 
                         {A}ggregation",
		institution =  "UCD/CCM",
                number = "report 126",
                address = "Denver, CO",
                YEAR = "1998"}
@article{vanek1,
                AUTHOR = "P. Vanek",
                TITLE = "{A}cceleration of {C}onvergence of a {T}wo {L}evel
                         {A}lgorithm by {S}mooth {T}ransfer {O}perators",
                JOURNAL = "Appl. Math.",
                VOLUME = "37",
                PAGES = "265--274",
                YEAR = "1992"}
@article{vanek2,
                AUTHOR = "P. Vanek",
                TITLE = "{F}ast {M}ultigrid {S}olvers",
                JOURNAL = "Appl. Math.",
                VOLUME = "40",
                PAGES = "1--20",
                YEAR = "1995"}
@article{bramble,
                AUTHOR = "J. Bramble and J. Pasciak and J. Wang and J. Xu",
                TITLE = "{C}onvergence {E}stimates for {M}ultigrid {A}lgorithms
                         without {R}egularity {A}ssumptions",
                JOURNAL="Math Comp.",
                VOLUME = "57",
                NUMBER = "195",
                PAGES = "23--45",
                YEAR = "1991"}
@article{vanek3,
                AUTHOR = "P. Vanek and J. Mandel and M. Brezina",
                TITLE = "{A}lgebraic {M}ultigrid {B}ased on {S}moothed {A}ggregation
                         for {S}econd and {F}ourth {O}rder {P}roblems",
                JOURNAL = "Computing",
                VOLUME = "56",
                PAGES = "179--196",
                YEAR = "1996"}
@unpublished{adams,
                AUTHOR = "M. Adams",
                TITLE  = "{E}valuation of {G}eometric and an {A}lgebraic {M}ultigrid
                          {M}ethod on {3D} {F}inite {E}lement {P}roblems in 
                          {S}olid {M}echanics",
                Note   = "Talk at the Copper
                        Mountain Conference on Iterative Methods, Copper Mtn,
                        Co, 4/2000"
                }
@article{wathen,
                AUTHOR = "D. Silvester and A. Wathen",
                TITLE = "{F}ast {I}terative {S}olution of {S}tablised {S}tokes 
                         {S}ystems,
                         {P}art II: Using General Block Preconditioners",
                JOURNAL = "SIAM J. Numer. Anal.",
                VOLUME = "31",
                NUMBER = "5",
                PAGES = "1352--1367",
                YEAR = "1994"}
@TechReport{ML,
  author =       "C. Tong and R. Tuminaro and K. Devine and J. Shadid",
  title =        "{D}esign of a {M}ultilevel {P}reconditioning {M}odule for
                  {U}nstructured {C}alculations",
  institution =  "Sandia National Laboratories",
  year =         2000,
  number =       "in preparaion",
  address =      "Albuquerque NM, 87185"
}
@TechReport{MLALEGRA,
  author =       "R. Tuminaro and A. Robinson and C. Tong and M. Wong",
  title =        "Multilevel solution techniques in ALEGRA-EMMA",
  institution =  "Sandia National Laboratories",
  year =         2000,
  number =       "in preparaion",
  address =      "Albuquerque NM, 87185"
}

@article{brandt.classic,
                AUTHOR = "A. Brandt",
                TITLE = "{M}ulti-level {A}daptive {S}olutions to {B}oundary-{V}alue
                        {P}roblems",
                JOURNAL = "Math. Comp.",
                VOLUME = "31",
                PAGES = "333--390",
                YEAR = "1977"}
@book{hack.book,
                AUTHOR = "W. Hackbusch",
                TITLE = "{M}ulti-grid {M}ethods and {A}pplications",
                PUBLISHER = "Springer-Verlag",
                ADDRESS = "Berlin",
                YEAR = "1985"}
@book{hack2.book,
                AUTHOR = "W. Hackbusch",
                TITLE = "{I}terative {S}olution of {L}arge {S}parse {L}inear {S}ystems of {E}quations",
                PUBLISHER = "Springer-Verlag",
                ADDRESS = "Berlin",
                YEAR = "1994"}
@book{wesseling,
                AUTHOR = "P. Wesseling",
                TITLE = "An Introduction to Multigrid Methods",
                PUBLISHER = "Wiley",
                ADDRESS = "West Sussex",
                YEAR = "1992"}
@TechReport{Aztec,
  author =       "R. Tuminaro and M. Heroux and S. Hutchinson and J. Shadid",
  title =        "Official {A}ztec User's Guide: Version 2.1",
  institution =  "Sandia National Laboratories",
  year =         1999,
  number =       "Sand99-8801J",
  address =      "Albuquerque NM, 87185",
  month =        "Nov"
}

@Unpublished{Automake,
     author = "{Free\ Software\ Foundation}",
     key = "Automake",
     title = "{Automake Home Page.}",
     note = "http://www.gnu.org/software/automake"}

@Unpublished{Autoconf,
     author = "{Free\ Software\ Foundation}",
     key = "Autoconf",
     title = "{Autoconf Home Page.}",
     note = "http://www.gnu.org/software/autoconf"}
